@inproceedings{naya2011practical,
  title={Practical analysis of reduced-round keccak},
  author={Naya-Plasencia, Mar{\'\i}a and R{\"o}ck, Andrea and Meier, Willi},
  booktitle={International Conference on Cryptology in India},
  pages={236--254},
  year={2011},
  organization={Springer}
}

@inproceedings{guo2016linear,
  title={Linear structures: Applications to cryptanalysis of round-reduced Keccak},
  author={Guo, Jian and Liu, Meicheng and Song, Ling},
  booktitle={International Conference on the Theory and Application of Cryptology and Information Security},
  pages={249--274},
  year={2016},
  organization={Springer}
}

@inproceedings{dinur2012new,
  title={New attacks on Keccak-224 and Keccak-256},
  author={Dinur, Itai and Dunkelman, Orr and Shamir, Adi},
  booktitle={Fast Software Encryption},
  pages={442--461},
  year={2012},
  organization={Springer}
}

@inproceedings{dinur2013collision,
  title={Collision attacks on up to 5 rounds of SHA-3 using generalized internal differentials},
  author={Dinur, Itai and Dunkelman, Orr and Shamir, Adi},
  booktitle={International Workshop on Fast Software Encryption},
  pages={219--240},
  year={2013},
  organization={Springer}
}

@article{dinur2014improved,
  title={Improved practical attacks on round-reduced Keccak},
  author={Dinur, Itai and Dunkelman, Orr and Shamir, Adi},
  journal={Journal of cryptology},
  volume={27},
  number={2},
  pages={183--209},
  year={2014},
  publisher={Springer}
}

@inproceedings{qiao2017new,
  title={New collision attacks on round-reduced Keccak},
  author={Qiao, Kexin and Song, Ling and Liu, Meicheng and Guo, Jian},
  booktitle={Annual International Conference on the Theory and Applications of Cryptographic Techniques},
  pages={216--243},
  year={2017},
  organization={Springer}
}

@inproceedings{morawiecki2013rotational,
  title={Rotational cryptanalysis of round-reduced Keccak},
  author={Morawiecki, Pawe{\l} and Pieprzyk, Josef and Srebrny, Marian},
  booktitle={International Workshop on Fast Software Encryption},
  pages={241--262},
  year={2013},
  organization={Springer}
}

@inproceedings{song2017non,
  title={Non-full sbox linearization: applications to collision attacks on round-reduced Keccak},
  author={Song, Ling and Liao, Guohong and Guo, Jian},
  booktitle={Annual International Cryptology Conference},
  pages={428--451},
  year={2017},
  organization={Springer}
}

@inproceedings{kumar2018cryptanalysis,
  title={Cryptanalysis of 1-Round KECCAK},
  author={Kumar, Rajendra and Rajasree, Mahesh Sreekumar and AlKhzaimi, Hoda},
  booktitle={International Conference on Cryptology in Africa},
  pages={124--137},
  year={2018},
  organization={Springer}
}

@inproceedings{naya2011improve,
  title={How to improve rebound attacks},
  author={Naya-Plasencia, Mar{\'\i}a},
  booktitle={Annual Cryptology Conference},
  pages={188--205},
  year={2011},
  organization={Springer}
}

@article{dworkin2015sha,
  title={Sha-3 standard: Permutation-based hash and extendable-output functions},
  author={Dworkin, Morris J},
  journal={Federal Inf. Process. Stds.(NIST FIPS)-202},
  year={2015}
}

@article{morawiecki2013sat,
  title={A SAT-based preimage analysis of reduced KECCAK hash functions},
  author={Morawiecki, Pawe{\l} and Srebrny, Marian},
  journal={Information Processing Letters},
  volume={113},
  number={10-11},
  pages={392--397},
  year={2013},
  publisher={Elsevier}
}

@article{merkle,
  title={http://www.merkle.com/papers/Thesis1979.pdf},
  author={},
  journal={},
  year={}
}

@article{bertoni2011cryptographic,
  title={Cryptographic sponges},
  author={Bertoni, Guido and Daemen, Joan and Peeters, Micha{\"e}l and Van Assche, Gilles},
  journal={online] http://sponge. noekeon. org},
  year={2011}
}

@article{bertoni2009keccak,
  title={Keccak specifications},
  author={Bertoni, Guido and Daemen, Joan and Peeters, Micha{\"e}l and Van Assche, Gilles},
  journal={Submission to NIST (Round 2)},
  year={2009}
}

@misc{bertoni2011keccak,
  title={The Keccak reference. online at http://keccak. noekeon. org/Keccak-reference-3.0. pdf},
  author={Bertoni, G and Daemen, J and Peeters, M and Assche, GV},
  year={2011},
  publisher={January}
}

@inproceedings{chang20141st,
  title={1st and 2nd Preimage Attacks on 7, 8 and 9 Rounds of Keccak-224,256,384,512},
  author={Chang, Donghoon and Kumar, Arnab and Morawiecki, Pawell and Sanadhya, Somitra Kumar},
  booktitle={SHA-3 workshop (August 2014)},
  year={2014}
}

@article{bernstein2010second,
  title={Second preimages for 6 (7?(8??)) rounds of keccak},
  author={Bernstein, Daniel J},
  journal={NIST mailing list},
  year={2010}
}

@misc{lipreimage,
    author = {Ting Li and Yao Sun},
    title = {Preimage Attacks on Round-reduced Keccak-224/256 via an Allocating Approach},
    howpublished = {Cryptology ePrint Archive, Report 2019/248},
    year = {2019},
    note = {\url{https://eprint.iacr.org/2019/248}},
}

@InProceedings{MDamgard,
    author="Coron, Jean-S{\'e}bastien
    and Dodis, Yevgeniy
    and Malinaud, C{\'e}cile
    and Puniya, Prashant",
    editor="Shoup, Victor",
    title="Merkle-Damg{\aa}rd Revisited: How to Construct a Hash Function",
    booktitle="Advances in Cryptology -- CRYPTO 2005",
    year="2005",
    publisher="Springer Berlin Heidelberg",
    address="Berlin, Heidelberg",
    pages="430--448",
    isbn="978-3-540-31870-5"
}
